<record><leader>00000cas a2200000 a 4500</leader><controlfield tag="001">13830160</controlfield><controlfield tag="008">860708d188u1894kyucr ne      0    0eng d</controlfield><datafield ind1=" " ind2=" " tag="010"><subfield code="a">sn 86069256 </subfield></datafield><datafield ind1=" " ind2=" " tag="040"><subfield code="a">KNP</subfield><subfield code="b">eng</subfield><subfield code="c">KNP</subfield><subfield code="d">OCL</subfield><subfield code="d">OCLCQ</subfield><subfield code="d">KYUBL</subfield><subfield code="d">OCLCQ</subfield><subfield code="d">OCLCF</subfield><subfield code="d">OCLCO</subfield></datafield><datafield ind1="1" ind2=" " tag="029"><subfield code="a">AU@</subfield><subfield code="b">000022171589</subfield></datafield><datafield ind1=" " ind2=" " tag="042"><subfield code="a">msc</subfield></datafield><datafield ind1=" " ind2=" " tag="043"><subfield code="a">n-us-ky</subfield></datafield><datafield ind1="0" ind2=" " tag="130"><subfield code="a">Harrodsburg sayings (Harrodsburg, Ky. : 1889 : Semiweekly)</subfield></datafield><datafield ind1="1" ind2="0" tag="245"><subfield code="a">Harrodsburg sayings.</subfield></datafield><datafield ind1=" " ind2=" " tag="260"><subfield code="a">Harrodsburg, Ky. :</subfield><subfield code="b">J.G. Pulliam,</subfield><subfield code="c">-1894.</subfield></datafield><datafield ind1=" " ind2=" " tag="300"><subfield code="a">v. :</subfield><subfield code="b">ill.</subfield></datafield><datafield ind1=" " ind2=" " tag="310"><subfield code="a">Semiweekly</subfield></datafield><datafield ind1=" " ind2=" " tag="321"><subfield code="a">Weekly</subfield></datafield><datafield ind1="0" ind2=" " tag="362"><subfield code="a">-v. 7, no. 45 (June 28, 1894).</subfield></datafield><datafield ind1=" " ind2=" " tag="588"><subfield code="a">Description based on: Vol. 2, no. 48 (July 18, 1889).</subfield></datafield><datafield ind1=" " ind2="0" tag="651"><subfield code="a">Harrodsburg (Ky.)</subfield><subfield code="v">Newspapers.</subfield></datafield><datafield ind1=" " ind2="0" tag="651"><subfield code="a">Mercer County (Ky.)</subfield><subfield code="v">Newspapers.</subfield></datafield><datafield ind1=" " ind2="7" tag="655"><subfield code="a">Newspapers.</subfield><subfield code="2">fast</subfield><subfield code="0">(OCoLC)fst01423814</subfield></datafield><datafield ind1=" " ind2="7" tag="651"><subfield code="a">Kentucky</subfield><subfield code="z">Harrodsburg.</subfield><subfield code="2">fast</subfield><subfield code="0">(OCoLC)fst01226272</subfield></datafield><datafield ind1=" " ind2="7" tag="651"><subfield code="a">Kentucky</subfield><subfield code="z">Mercer County.</subfield><subfield code="2">fast</subfield><subfield code="0">(OCoLC)fst01223884</subfield></datafield><datafield ind1=" " ind2=" " tag="752"><subfield code="a">United States</subfield><subfield code="b">Kentucky</subfield><subfield code="c">Mercer</subfield><subfield code="d">Harrodsburg.</subfield></datafield><datafield ind1="0" ind2="0" tag="785"><subfield code="t">Sayings</subfield><subfield code="w">(DLC)sn 86069257</subfield></datafield></record>